@InProceedings{VCf,
author="Xenos, Michalis",
editor="Auer, Michael E.
and Tsiatsos, Thrasyvoulos",
title="The Future of Virtual Classroom: Using Existing Features to Move Beyond Traditional Classroom Limitations",
booktitle="Interactive Mobile Communication Technologies and Learning",
year="2018",
publisher="Springer International Publishing",
address="Cham",
isbn="978-3-319-75175-7"
}

@incollection{ency,
  doi = {10.1007/978-981-287-588-4_100329},
  url = {https://doi.org/10.1007/978-981-287-588-4_100329},
  year = {2017},
  publisher = {Springer Singapore},
  pages = {713--713},
  title = {E-Learning},
  booktitle = {Encyclopedia of Educational Philosophy and Theory}
}

@incollection{covid,
  author = {Yudintseva, Anastassiya and Piedra, Dan},
  url = {https://evolllution.com/programming/teaching-and-learning/teaching-in-the-virtual-classroom-strategies-for-success/},
  year = {2020},
  title = {Teaching in the Virtual Classroom- Strategies for Success}
}